<record><leader>00000cas a2200000 a 4500</leader><controlfield tag="001">733398317</controlfield><controlfield tag="007">hd afb---buuu</controlfield><controlfield tag="007">hd bfb---buuu</controlfield><controlfield tag="008">110628d18811881wauir ne      0    0eng c</controlfield><datafield ind1=" " ind2=" " tag="010"><subfield code="a">  2011252790</subfield></datafield><datafield ind1=" " ind2=" " tag="040"><subfield code="a">WAU</subfield><subfield code="b">eng</subfield><subfield code="c">WAU</subfield><subfield code="d">WAU</subfield><subfield code="d">OCLCF</subfield></datafield><datafield ind1=" " ind2=" " tag="042"><subfield code="a">pcc</subfield></datafield><datafield ind1=" " ind2=" " tag="043"><subfield code="a">n-us-wa</subfield></datafield><datafield ind1="0" ind2="0" tag="245"><subfield code="a">Tri-weekly Seattle fin-back</subfield><subfield code="h">[microform].</subfield></datafield><datafield ind1=" " ind2=" " tag="260"><subfield code="a">Seattle, W.T. [Wash.] :</subfield><subfield code="b">Bowman &amp; Austin</subfield></datafield><datafield ind1=" " ind2=" " tag="300"><subfield code="a">v.</subfield></datafield><datafield ind1=" " ind2=" " tag="310"><subfield code="a">Three times a week (Tuesdays, Thursdays &amp; Saturdays)</subfield></datafield><datafield ind1="1" ind2=" " tag="362"><subfield code="a">Began with: Vol. 2, no. 3 (Feb. 5, 1881); ceased with: v. 3, no. 12 (June 28, 1881).</subfield></datafield><datafield ind1=" " ind2=" " tag="533"><subfield code="a">Microfilm.</subfield><subfield code="b">Seattle, Wash. :</subfield><subfield code="c">University of Washington Library.</subfield><subfield code="e">microfilm reels ; 35 mm.</subfield></datafield><datafield ind1=" " ind2=" " tag="588"><subfield code="a">Description based on: Vol. 2, no. 3 (Feb. 5, 1881); title from masthead.</subfield></datafield><datafield ind1=" " ind2=" " tag="588"><subfield code="a">Latest issue consulted: Vol. 3, no. 12 (June 28, 1881).</subfield></datafield><datafield ind1=" " ind2="0" tag="651"><subfield code="a">Seattle (Wash.)</subfield><subfield code="v">Newspapers.</subfield></datafield><datafield ind1=" " ind2="7" tag="655"><subfield code="a">Newspapers.</subfield><subfield code="2">fast</subfield><subfield code="0">(OCoLC)fst01423814</subfield></datafield><datafield ind1=" " ind2="7" tag="651"><subfield code="a">Washington (State)</subfield><subfield code="z">Seattle.</subfield><subfield code="2">fast</subfield><subfield code="0">(OCoLC)fst01204940</subfield></datafield><datafield ind1=" " ind2=" " tag="752"><subfield code="a">United States</subfield><subfield code="b">Washington</subfield><subfield code="c">King</subfield><subfield code="d">Seattle.</subfield></datafield><datafield ind1="1" ind2=" " tag="776"><subfield code="c">Original</subfield><subfield code="w">(DLC)sn 87093379</subfield><subfield code="w">(OCoLC)17274040</subfield></datafield><datafield ind1="0" ind2="0" tag="780"><subfield code="t">Seattle fin-back</subfield><subfield code="w">(DLC)  2011252789</subfield><subfield code="w">(OCoLC)733397219</subfield></datafield><datafield ind1="0" ind2="6" tag="785"><subfield code="t">Seattle weekly fin-back</subfield><subfield code="w">(DLC)  2011252791</subfield><subfield code="w">(OCoLC)733398322</subfield></datafield><datafield ind1="0" ind2="6" tag="785"><subfield code="t">Daily evening fin-back</subfield><subfield code="w">(DLC)  2011252792</subfield><subfield code="w">(OCoLC)733400596</subfield></datafield></record>